<collection xmlns="http://www.loc.gov/MARC21/slim">
<record>
  <leader>00703na 0a22001571i 450 </leader>
  <controlfield tag="001">IT\ICCU\CNCE\069039</controlfield>
  <controlfield tag="005">20080204000000.0</controlfield>
  <datafield tag="100" ind1=" " ind2=" ">
    <subfield code="a">20061211             0itac0103    ba</subfield>
  </datafield>
  <datafield tag="101" ind1=" " ind2=" ">
    <subfield code="a">LAT</subfield>
  </datafield>
  <datafield tag="200" ind1="1" ind2=" ">
    <subfield code="a">Tabula aurea magistri Petri de Bergomo, ordinis fratrum Praedicatorum, ... in omnia opera diui Thomae Aquinatis</subfield>
  </datafield>
  <datafield tag="700" ind1=" " ind2="0">
    <subfield code="a">Pietro</subfield>
    <subfield code="c"> : da#Bergamo</subfield>
    <subfield code="3">IT\ICCU\CNCA\008111</subfield>
  </datafield>
  <datafield tag="790" ind1=" " ind2="0">
    <subfield code="a">Petrus</subfield>
    <subfield code="c"> : Bergomensis</subfield>
    <subfield code="3">IT\ICCU\CNCA\014790</subfield>
    <subfield code="z">Pietro : da#Bergamo</subfield>
  </datafield>
  <datafield tag="790" ind1=" " ind2="0">
    <subfield code="a">Petrus</subfield>
    <subfield code="c"> : de#Bergamo</subfield>
    <subfield code="3">IT\ICCU\CNCA\022425</subfield>
    <subfield code="z">Pietro : da#Bergamo</subfield>
  </datafield>
  <datafield tag="790" ind1=" " ind2="0">
    <subfield code="a">Pietro</subfield>
    <subfield code="c"> : d&apos;Almadura</subfield>
    <subfield code="3">IT\ICCU\CNCA\022428</subfield>
    <subfield code="z">Pietro : da#Bergamo</subfield>
  </datafield>
  <datafield tag="790" ind1=" " ind2="1">
    <subfield code="a">Bergamo,</subfield>
    <subfield code="b">Pietro : da</subfield>
    <subfield code="3">IT\ICCU\CNCA\026071</subfield>
    <subfield code="z">Pietro : da#Bergamo</subfield>
  </datafield>
  <datafield tag="801" ind1=" " ind2="3">
    <subfield code="a">IT</subfield>
    <subfield code="b">ICCU</subfield>
    <subfield code="c">20201115</subfield>
  </datafield>
</record>
</collection>
